@inproceedings{ref:ocelot-pact,
 author = {Gregory Diamos and Andrew Kerr and Sudhakar Yalamanchili and Nathan Clark},
 title = {Ocelot: A Dynamic Compiler for Bulk-Synchronous Applications in Heterogeneous Systems},
 booktitle = {Proceedings of The Nineteenth International Conference on Parallel Architectures and Compilation Techniques},
 year = {2010},
 location = {Vienna, Austria},
 publisher = {ACM},
 }

